<?xml version="1.0" encoding="UTF-8"?><collection xmlns="http://www.loc.gov/MARC21/slim"><record><leader>00561nam--2200193-u-4500</leader><controlfield tag="001">000053563</controlfield><controlfield tag="002">20161230</controlfield><controlfield tag="005">20161230201051</controlfield><controlfield tag="008">110428s1000------------r-----000-0-rus-d</controlfield><datafield ind1=" " ind2=" " tag="040"><subfield code="a">IFIN-HH</subfield></datafield><datafield ind1=" " ind2=" " tag="041"><subfield code="a">rus</subfield></datafield><datafield ind1=" " ind2=" " tag="080"><subfield code="a">621.378</subfield></datafield><datafield ind1="1" ind2=" " tag="100"><subfield code="a">Danielius, R</subfield></datafield><datafield ind1="1" ind2="0" tag="245"><subfield code="a">Parametriceskie generatori sveta i pikosekundnaia spektroskopia</subfield><subfield code="c">R. danielius; a. piskarckas; v. sirutkaitis; a. stabinis; ia. iaseviciute</subfield></datafield><datafield ind1=" " ind2=" " tag="260"><subfield code="a">Vilnius</subfield><subfield code="b">Mokslas</subfield><subfield code="c">1983</subfield></datafield><datafield ind1=" " ind2=" " tag="300"><subfield code="a">185P</subfield></datafield><datafield ind1="1" ind2=" " tag="700"><subfield code="a">Iaseviciute, Ia</subfield></datafield><datafield ind1=" " ind2=" " tag="852"><subfield code="a">72019</subfield><subfield code="c">535.37</subfield></datafield><datafield ind1=" " ind2=" " tag="CAT"><subfield code="a">Sys</subfield><subfield code="c">20110428</subfield><subfield code="h">103356</subfield></datafield></record></collection>